<record><leader>00000cas a22000007a 4500</leader><controlfield tag="001">1751774</controlfield><controlfield tag="008">751101d18971989mnuwr ne      0    0eng d</controlfield><datafield ind1=" " ind2=" " tag="010"><subfield code="a">sn 89064545 </subfield></datafield><datafield ind1=" " ind2=" " tag="040"><subfield code="a">MUL</subfield><subfield code="b">eng</subfield><subfield code="c">MUL</subfield><subfield code="d">MN#</subfield><subfield code="d">NSD</subfield><subfield code="d">OCLCQ</subfield><subfield code="d">OCLCF</subfield><subfield code="d">OCLCO</subfield></datafield><datafield ind1="1" ind2=" " tag="029"><subfield code="a">AU@</subfield><subfield code="b">000025858618</subfield></datafield><datafield ind1=" " ind2=" " tag="042"><subfield code="a">msc</subfield></datafield><datafield ind1=" " ind2=" " tag="043"><subfield code="a">n-us-mn</subfield></datafield><datafield ind1=" " ind2=" " tag="052"><subfield code="a">4144</subfield><subfield code="b">H37</subfield></datafield><datafield ind1=" " ind2=" " tag="052"><subfield code="a">4143</subfield><subfield code="b">F5</subfield></datafield><datafield ind1="0" ind2=" " tag="130"><subfield code="a">Harmony news (Harmony, Minn.)</subfield></datafield><datafield ind1="0" ind2="0" tag="245"><subfield code="a">Harmony news.</subfield></datafield><datafield ind1=" " ind2=" " tag="260"><subfield code="a">Harmony, Fillmore County, Minn. :</subfield><subfield code="b">Dan. Gagen,</subfield><subfield code="c">1897-1989.</subfield></datafield><datafield ind1=" " ind2=" " tag="300"><subfield code="a">v.</subfield></datafield><datafield ind1=" " ind2=" " tag="310"><subfield code="a">Weekly</subfield></datafield><datafield ind1="0" ind2=" " tag="362"><subfield code="a">Vol. 1, no. 1 (Dec. 16, 1897)-v. 91, no. 24 (Apr. 29, 1987) ; 80th year, no. 25 (May 6, 1987)-81st year, no. 13 (Feb. 22, 1989).</subfield></datafield><datafield ind1=" " ind2=" " tag="530"><subfield code="a">Available on microfilm from the Minnesota Historical Society.</subfield></datafield><datafield ind1=" " ind2="0" tag="651"><subfield code="a">Harmony (Minn.)</subfield><subfield code="v">Newspapers.</subfield></datafield><datafield ind1=" " ind2="7" tag="655"><subfield code="a">Newspapers.</subfield><subfield code="2">fast</subfield><subfield code="0">(OCoLC)fst01423814</subfield></datafield><datafield ind1=" " ind2="7" tag="651"><subfield code="a">Minnesota</subfield><subfield code="z">Harmony.</subfield><subfield code="2">fast</subfield><subfield code="0">(OCoLC)fst01235956</subfield></datafield><datafield ind1=" " ind2=" " tag="752"><subfield code="a">United States</subfield><subfield code="b">Minnesota</subfield><subfield code="c">Fillmore</subfield><subfield code="d">Harmony.</subfield></datafield><datafield ind1="0" ind2="6" tag="780"><subfield code="t">Courier (Preston, Minn.)</subfield><subfield code="w">(DLC)sn 89064672</subfield></datafield><datafield ind1="0" ind2="7" tag="785"><subfield code="t">Mabel record</subfield><subfield code="w">(DLC)sn 89064663</subfield></datafield><datafield ind1="0" ind2="7" tag="785"><subfield code="t">Mabel record-Harmony news</subfield><subfield code="w">(DLC)sn 89064664</subfield></datafield></record>